
@inproceedings{chen2007simple,
  title={Simple face-detection algorithm based on minimum facial features},
  author={Chen, Yao-Jiunn and Lin, Yen-Chun},
  booktitle={IECON 2007-33rd Annual Conference of the IEEE Industrial Electronics Society},
  pages={455--460},
  year={2007},
  organization={IEEE}
}

@inproceedings{loesdau2017chromatic,
  title={Chromatic Indices in the Normalized rgb Color Space},
  author={Loesdau, Martin and Chabrier, Sebastien and Gabillon, Alban},
  booktitle={2017 International Conference on Digital Image Computing: Techniques and Applications (DICTA)},
  pages={1--8},
  year={2017},
  organization={IEEE}
}
